
@inproceedings{kagaya2014food,
  title={Food detection and recognition using convolutional neural network},
  author={Kagaya, Hokuto and Aizawa, Kiyoharu and Ogawa, Makoto},
  booktitle={Proceedings of the 22nd ACM international conference on Multimedia},
  pages={1085--1088},
  year={2014},
  organization={ACM}
}

@inproceedings{kagaya2015highly,
  title={Highly accurate food/non-food image classification based on a deep convolutional neural network},
  author={Kagaya, Hokuto and Aizawa, Kiyoharu},
  booktitle={International Conference on Image Analysis and Processing},
  pages={350--357},
  year={2015},
  organization={Springer}
}

@inproceedings{singla2016food,
  title={Food/non-food image classification and food categorization using pre-trained googlenet model},
  author={Singla, Ashutosh and Yuan, Lin and Ebrahimi, Touradj},
  booktitle={Proceedings of the 2nd International Workshop on Multimedia Assisted Dietary Management},
  pages={3--11},
  year={2016},
  organization={ACM}
}

@inproceedings{aguilar2017food,
  title={Food recognition using fusion of classifiers based on cnns},
  author={Aguilar, Eduardo and Bola{\~n}os, Marc and Radeva, Petia},
  booktitle={International Conference on Image Analysis and Processing},
  pages={213--224},
  year={2017},
  organization={Springer}
}

@phdthesis{pouladzadeh2017cloud,
  title={A Cloud-Assisted Mobile Food Recognition System},
  author={Pouladzadeh, Parisa},
  year={2017},
  school={Universit{\'e} d'Ottawa/University of Ottawa}
}
@Comment{jabref-meta: databaseType:bibtex;}


@article{payne2015behavioral, 
  title={Behavioral functionality of mobile apps in health interventions: a systematic review of the literature}, 
  author={Payne, Hannah E and Lister, Cameron and West, Joshua H and Bernhardt, Jay M}, 
  journal={JMIR mHealth and uHealth}, 
  volume={3}, 
  number={1},
  year={2015}, 
  publisher={JMIR Publications Inc.} 
} 

@misc{caloriemama_2016, title={Calorie Mama AI - Food Image Recognition and Calorie Counter using Deep Learning}, url={http://caloriemama.ai/}, journal={Calorie Mama AI - Food Image Recognition and Calorie Counter using Deep Learning}, publisher={Azumio}, author={Azumio}, year={2016}}

@article{nasrabadi2007pattern, 
  title={Pattern recognition and machine learning}, 
  author={Nasrabadi, Nasser M}, 
  journal={Journal of electronic imaging}, 
  volume={16}, 
  number={4}, 
  pages={049901}, 
  year={2007}, 
  publisher={International Society for Optics and Photonics} }
  
  @inproceedings{kawano2014food,
  title={Food image recognition using deep convolutional features pre-trained with food-related categories},
  author={Kawano, Yoshiyuki and Yanai, Keiji},
  booktitle={Proceedings of the MBDA Workshop},
  year={2014}
}

@misc{react-native_2015, title={React Native · A framework for building native apps using React}, url={https://facebook.github.io/react-native/}, journal={React Native Blog ATOM}, publisher={React-Native}, author={React-Native}, year={2015}}

@misc{lose_it, title={Introducing Snap It™ By Lose It!}, url={https://www.loseit.com/snapit/}, journal={Snap It™ - Lose It!}}

@misc{caloriemama_2016, title={Calorie Mama AI - Food Image Recognition and Calorie Counter using Deep Learning}, url={http://caloriemama.ai/}, journal={Calorie Mama AI - Food Image Recognition and Calorie Counter using Deep Learning}, publisher={Azumio}, author={Azumio}, year={2016}}

@misc{azure_microsoft_computer_vision, title={Image Processing with the Computer Vision API | Microsoft Azure}, url={https://azure.microsoft.com/en-us/services/cognitive-services/computer-vision/}, journal={azure_microsoft_computer_vision}}

@misc{amazon_rekognition, title={Amazon Rekognition – Video e Image – AWS}, url={https://aws.amazon.com/pt/rekognition/}, journal={amazon_rekognition}, publisher={Amazon}}

@misc{google_vision, title={Vision API - Image Content Analysis  |  Cloud Vision API  |  Google Cloud}, url={https://cloud.google.com/vision/}, journal={google_vision}, publisher={Google}}